<?xml version="1.0" encoding="UTF-8"?><collection xmlns="http://www.loc.gov/MARC21/slim"><record><leader>00464nam--2200181-u-4500</leader><controlfield tag="001">000054899</controlfield><controlfield tag="002">20161230</controlfield><controlfield tag="005">20161230201051</controlfield><controlfield tag="008">120629s1000------------r-----000-0-rus-d</controlfield><datafield ind1=" " ind2=" " tag="040"><subfield code="a">IFIN-HH</subfield></datafield><datafield ind1=" " ind2=" " tag="041"><subfield code="a">rus</subfield></datafield><datafield ind1=" " ind2=" " tag="080"><subfield code="a">539.18</subfield></datafield><datafield ind1="1" ind2=" " tag="100"><subfield code="a">Sobelman, I.I</subfield></datafield><datafield ind1="1" ind2="0" tag="245"><subfield code="a">Vvedenie v teoriyu atomnih spektrov</subfield><subfield code="c">I.i. sobelman</subfield></datafield><datafield ind1=" " ind2=" " tag="260"><subfield code="a">Moskva</subfield><subfield code="b">Fiziko-matematiceskoi Literaturi</subfield><subfield code="c">1963</subfield></datafield><datafield ind1=" " ind2=" " tag="300"><subfield code="a">640P</subfield></datafield><datafield ind1=" " ind2=" " tag="852"><subfield code="a">9496</subfield><subfield code="c">539.18</subfield></datafield><datafield ind1=" " ind2=" " tag="CAT"><subfield code="a">Sys</subfield><subfield code="c">20120629</subfield><subfield code="h">134415</subfield></datafield></record></collection>